Automatically generated by Mendeley 1.6
Any changes to this file will be lost if it is regenerated by Mendeley.

@article{Waldispuhl2008,
author = {Waldisp\"{u}hl, J\'{e}r\^{o}me and Devadas, Srinivas and Berger, Bonnie and Clote, Peter},
doi = {10.1371/journal.pcbi.1000124},
file = {:Users/zenon/Documents/Mendeley/Waldisp\"{u}hl et al/2008/PLoS Computational Biology/Waldisp\"{u}hl et al.\_2008\_Efficient Algorithms for Probing the RNA Mutation Landscape.pdf:pdf},
issn = {1553-7358},
journal = {PLoS Computational Biology},
number = {8},
pages = {e1000124},
title = {{Efficient Algorithms for Probing the RNA Mutation Landscape}},
url = {http://dx.plos.org/10.1371/journal.pcbi.1000124},
volume = {4},
year = {2008}
}
